<?xml version="1.0" encoding="UTF-8"?><collection xmlns="http://www.loc.gov/MARC21/slim"><record><leader>00529nam--2200181-i-4500</leader><controlfield tag="001">000003390</controlfield><controlfield tag="002">20161230</controlfield><controlfield tag="005">20161230201025</controlfield><controlfield tag="008">060222s1000------------r-----000-0-rus-d</controlfield><datafield ind1=" " ind2=" " tag="040"><subfield code="a">IFIN-HH</subfield></datafield><datafield ind1=" " ind2=" " tag="041"><subfield code="a">rus</subfield></datafield><datafield ind1=" " ind2=" " tag="080"><subfield code="a">533.6(021)=59</subfield></datafield><datafield ind1="1" ind2=" " tag="100"><subfield code="a">Zeldovici, Ia.B</subfield></datafield><datafield ind1="1" ind2="0" tag="245"><subfield code="a">Fizika udarnih voln i visokotemperaturnih gidrodinamiceskih iavlenii</subfield><subfield code="c">Ia.B. Zeldovici, Iu.P. Raizer</subfield></datafield><datafield ind1=" " ind2=" " tag="260"><subfield code="a">Moskva</subfield><subfield code="b">Fiziko-matematiceskoi literaturi</subfield><subfield code="c">1963</subfield></datafield><datafield ind1="1" ind2=" " tag="700"><subfield code="a">Razier, Iu.P</subfield></datafield><datafield ind1=" " ind2=" " tag="852"><subfield code="a">9494</subfield><subfield code="c">533.6</subfield></datafield><datafield ind1=" " ind2=" " tag="CAT"><subfield code="a">Sys</subfield><subfield code="c">20100903</subfield><subfield code="h">113046</subfield></datafield></record></collection>